<record><leader>00000cas a2200000 a 4500</leader><controlfield tag="001">33135795</controlfield><controlfield tag="008">950914d19311934azuwr ne      0    0eng d</controlfield><datafield ind1=" " ind2=" " tag="010"><subfield code="a">sn 95060570 </subfield></datafield><datafield ind1=" " ind2=" " tag="040"><subfield code="a">ANN</subfield><subfield code="b">eng</subfield><subfield code="c">ANN</subfield><subfield code="d">OCLCQ</subfield><subfield code="d">OCLCF</subfield><subfield code="d">OCLCO</subfield></datafield><datafield ind1="1" ind2=" " tag="029"><subfield code="a">AU@</subfield><subfield code="b">000011994105</subfield></datafield><datafield ind1=" " ind2=" " tag="042"><subfield code="a">msc</subfield></datafield><datafield ind1=" " ind2=" " tag="043"><subfield code="a">n-us-az</subfield></datafield><datafield ind1="0" ind2=" " tag="130"><subfield code="a">Star (Somerton, Ariz.)</subfield></datafield><datafield ind1="1" ind2="4" tag="245"><subfield code="a">The Star.</subfield></datafield><datafield ind1="1" ind2="3" tag="246"><subfield code="a">Star and Yuma County record</subfield></datafield><datafield ind1="0" ind2="0" tag="246"><subfield code="a">Somerton Yuma star</subfield></datafield><datafield ind1="1" ind2="7" tag="246"><subfield code="a">Somerton star</subfield></datafield><datafield ind1=" " ind2=" " tag="260"><subfield code="a">Somerton, Yuma County, Ariz. :</subfield><subfield code="b">J.B. Gorman,</subfield><subfield code="c">1931-1934.</subfield></datafield><datafield ind1=" " ind2=" " tag="300"><subfield code="a">v.</subfield></datafield><datafield ind1=" " ind2=" " tag="310"><subfield code="a">Weekly</subfield></datafield><datafield ind1="0" ind2=" " tag="362"><subfield code="a">Vol. 14, no. 19 (Mar 6, 1931)-v. 18, no. 2 (Nov. 2, 1934).</subfield></datafield><datafield ind1=" " ind2="0" tag="651"><subfield code="a">Somerton (Ariz.)</subfield><subfield code="v">Newspapers.</subfield></datafield><datafield ind1=" " ind2="0" tag="651"><subfield code="a">Yuma County (Ariz.)</subfield><subfield code="v">Newspapers.</subfield></datafield><datafield ind1=" " ind2="7" tag="655"><subfield code="a">Newspapers.</subfield><subfield code="2">fast</subfield><subfield code="0">(OCoLC)fst01423814</subfield></datafield><datafield ind1=" " ind2="7" tag="651"><subfield code="a">Arizona</subfield><subfield code="z">Somerton.</subfield><subfield code="2">fast</subfield><subfield code="0">(OCoLC)fst01254100</subfield></datafield><datafield ind1=" " ind2="7" tag="651"><subfield code="a">Arizona</subfield><subfield code="z">Yuma County.</subfield><subfield code="2">fast</subfield><subfield code="0">(OCoLC)fst01214073</subfield></datafield><datafield ind1=" " ind2=" " tag="752"><subfield code="a">United States</subfield><subfield code="b">Arizona</subfield><subfield code="c">Yuma</subfield><subfield code="d">Somerton.</subfield></datafield><datafield ind1="0" ind2="1" tag="780"><subfield code="t">Yuma County record</subfield><subfield code="w">(DLC)sn 00060013</subfield><subfield code="w">(OCoLC)43463188</subfield></datafield><datafield ind1="0" ind2="0" tag="780"><subfield code="t">Somerton star (Somerton, Ariz. : 1917)</subfield><subfield code="w">(DLC)sn 95060569</subfield></datafield><datafield ind1="0" ind2="0" tag="785"><subfield code="t">Somerton star (Somerton, Ariz. : 1934)</subfield><subfield code="w">(DLC)sn 95060572</subfield></datafield></record>